% bmc_article.bib
% 
%  An example of bibtex entries.
%  Entries taken from BMC instructions for authors page.

% Participatory Design
% http://cpsr.org/issues/pd/
% http://cpsr.org/issues/pd/introInfo/
% https://en.wikipedia.org/wiki/Participatory_design

@article{blank,
	author  = {}, 
	title   = {},
	journal = {}, 
	year  = {},
	  month = {}, 
	  volume= {}, 
	  number= {}, 
	  pages = {},
	  note  = {} 
}	

% Article within a journal
@ARTICLE{koon,
	author  = {Koonin, E V and Altschul, S F and P Bork}, 
	title   = {BRCA1 protein products: functional motifs}, 
	journal = {Nat Genet}, 
	year    = {1996},
	volume  = {13}, 
	pages   = {266-267}
}	

% Article within a journal supplement
@ARTICLE{oreg,
	author  = {Orengo, C A and Bray, J E and Hubbard, 
		   T and LoConte, L and Sillitoe, I}, 
	title   = {Analysis and assessment of ab initio 
		   three-dimensional prediction, secondary 
		   structure, and contacts prediction},
	journal = {Proteins}, 
	year    = {1999},
	volume  = {Suppl 3}, 
	pages   = {149-170}
}	

% In press article
@inpress{khar,
	author  = {Kharitonov, S A and Barnes, P J}, 
	title   = {Clinical aspects of exhaled nitric oxide},
	journal = {Eur Respir J}, 
	note    = {in press} 
}	

%
% Published abstract
%
@ARTICLE{zvai,
	author  = {Zvaifler, N J and Burger, J A and Marinova-Mutafchieva, 
		   L and Taylor, P and Maini, R N},
	title   = {Mesenchymal cells, stromal derived factor-1 and 
		   rheumatoid arthritis [abstract]},
	journal = {Arthritis Rheum}, 
	year    = {1999},
	volume  = {42}, 
	pages   = {s250},
}	


%
% Article within conference proceedings
%
@Inproceedings{xjon,
	author    = {X Jones}, 
	title     = {Zeolites and synthetic mechanisms},
	booktitle = {Proceedings of the First National Conference on 
		     Porous Sieves: 27-30 June 1996; Baltimore},
	year      = {1996},
	  editor  = {Y Smith}, 
	  pages   = {16-27},
	  organization  = {Stoneham: Butterworth-Heinemann}
}	

%%%%%%%%
%  Book chapter, or article within a book
%
@incollection{schn,
	author    = {E Schnepf}, 
	title     = {From prey via endosymbiont to plastids: 
		     comparative studies in dinoflagellates},
	booktitle = {Origins of Plastids}, 
	editor    = {R A Lewin}, 
	publisher = {Chapman and Hall},
	pages     = {53-76}, 
	year      = {1993},
	  address = {New York}, 
	  volume  = {2}, 
	  edition = {2nd} 
}	

%%%%%%%%
% Whole issue of journal
%
@wholejournal{pond,
	editor  = {B Ponder and S Johnston and L Chodosh}, 
	title   = {Innovative oncology},
	journal = {Breast Cancer Res}, 
	year  = {1998},
	  volume= {10}, 
	  pages = {1-72}
}	


%%%%%%%%
% Whole conference proceedings
%
@proceedings{smith,
	editor  = {Y Smith}, 
	title   = {Proceedings of the First National Conference
		   on Porous Sieves: 27-30 June 1996; Baltimore},
	year = 1996,
	  address= {Stoneham}, 
	  publisher = {Butterworth-Heinemann},
}	


%%%%%%%%
% Complete book
%
@book{marg,
	author    = {L Margulis}, 
	title     = {Origin of Eukaryotic Cells},
	publisher = {Yale University Press}, 
	year      = {1970},
	address   = {New Haven} 
}



%%%%%%%%
% Monograph or book in series 
%
@incollection{hunn,
	author    = {G W Hunninghake and J E Gadek}, 
	title     = {The alveloar macrophage},
	booktitle = {Cultured Human Cells and Tissues},
	publisher = {Academic Press}, 
	year      = {1995},
  pages      = {54-56},
	  editor   = {T J R Harris}, 
	  address  = {New York}, 
	  note     = {Stoner G (Series Editor): Methods and Perspectives in Cell Biology, vol 1} 
}


%%%%%%%%
% Book with institutional author
@manual{advi,
	  title   = {Annual Report}, 
	    organization  = {Advisory Committee on Genetic Modification}, 
	    address = {London},
	    year    = {1999}
}


%%%%%%%%
% PHD Thesis
%
@phdthesis{koha,
	author = {R Kohavi}, 
	title  = {Wrappers for performance enhancement and
		  obvious decision graphs},
	school = {Stanford University, Computer Science Department},
	year   = {1995}
}

%%%%%%%%
% Webpage Link / URL
%
@webpage{mouse,
	title  = {The Mouse Tumor Biology Database},
	url = {http://tumor.informatics.jax.org/cancer\_links.html}
}

%%%%%%%%%%%%%%%%%%%%%%%%%%%%%%
%% Bibliography starts here %%
%%%%%%%%%%%%%%%%%%%%%%%%%%%%%%

@inproceedings{hoffman1997dna,
  title={DNA visual and analytic data mining},
  author={Hoffman, Patrick and Grinstein, Georges and Marx, Kenneth and Grosse, Ivo and Stanley, Eugene},
  booktitle={Visualization'97., Proceedings},
  pages={437--441},
  year={1997},
  organization={IEEE}
}

@article{draper2009survey,
  title={A survey of radial methods for information visualization},
  author={Draper, Geoffrey M and Livnat, Yarden and Riesenfeld, Richard F},
  journal={Visualization and Computer Graphics, IEEE Transactions on},
  volume={15},
  number={5},
  pages={759--776},
  year={2009},
  publisher={IEEE}
}

@book{beck2000extreme,
  title={Extreme programming explained: embrace change},
  author={Beck, Kent},
  year={2000},
  publisher={Addison-Wesley Professional}
}


@book{roebuck2012agile,
  title={Agile Software Development: High-impact Strategies-What You Need to Know: Definitions, Adoptions, Impact, Benefits, Maturity, Vendors},
  author={Roebuck, Kevin},
  year={2012},
  publisher={Emereo Publishing}
}


@webpage{Tognazzini2014principles,
  author = {B Tognazzini},
  year = {2014},
  title = {First principles of information design},
  url = {http://www.asktog.com/basics/firstPrinciples.html},
  institution = {Ask{T}{O}{G}}
}

@article{molich1990improving,
  title={Improving a human-computer dialogue},
  author={Molich, Rolf and Nielsen, Jakob},
  journal={Communications of the ACM},
  volume={33},
  number={3},
  pages={338--348},
  year={1990},
  publisher={ACM}
}


@book{shneiderman1992designing,
  title={Designing the user interface: strategies for effective human-computer interaction},
  author={Shneiderman, Ben},
  volume={3},
  year={1992},
  publisher={Addison-Wesley Reading, MA}
}


@article{zhang2003using,
  title={Using usability heuristics to evaluate patient safety of medical devices},
  author={Zhang, Jiajie and Johnson, Todd R and Patel, Vimla L and Paige, Danielle L and Kubose, Tate},
  journal={Journal of biomedical informatics},
  volume={36},
  number={1},
  pages={23--30},
  year={2003},
  publisher={Elsevier}
}


@article{berry2015usability,
  title={Usability evaluation and adaptation of the e-health Personal Patient Profile-Prostate decision aid for Spanish-speaking Latino men},
  author={Berry, Donna L and Halpenny, Barbara and Bosco, Jaclyn LF and Bruyere, John and Sanda, Martin G},
  journal={BMC medical informatics and decision making},
  volume={15},
  number={1},
  pages={56},
  year={2015},
  publisher={BioMed Central Ltd}
}


@article{faulkner2003beyond,
  title={Beyond the five-user assumption: Benefits of increased sample sizes in usability testing},
  author={Faulkner, Laura},
  journal={Behavior Research Methods, Instruments, \& Computers},
  volume={35},
  number={3},
  pages={379--383},
  year={2003},
  publisher={Springer}
}


@article{lewis1991psychometric,
  title={Psychometric evaluation of an after-scenario questionnaire for computer usability studies: the ASQ},
  author={Lewis, James R},
  journal={ACM SIGCHI Bulletin},
  volume={23},
  number={1},
  pages={78--81},
  year={1991},
  publisher={ACM}
}

@article{bangor2008empirical,
  title={An empirical evaluation of the system usability scale},
  author={Bangor, Aaron and Kortum, Philip T and Miller, James T},
  journal={Intl. Journal of Human--Computer Interaction},
  volume={24},
  number={6},
  pages={574--594},
  year={2008},
  publisher={Taylor \& Francis}
}

@article{lewis2002psychometric,
  title={Psychometric evaluation of the PSSUQ using data from five years of usability studies},
  author={Lewis, James R},
  journal={International Journal of Human-Computer Interaction},
  volume={14},
  number={3-4},
  pages={463--488},
  year={2002},
  publisher={Taylor \& Francis}
}

@article{goud2008subjective,
  title={Subjective usability of the CARDSS guideline-based decision support system.},
  author={Goud, Rick and Jaspers, Monique WM and Hasman, Arie and Peek, Niels},
  journal={Studies in health technology and informatics},
  volume={136},
  pages={193},
  year={2008},
  publisher={IOS Press; 1999}
}

@article{jaspers2008pre,
  title={Pre-post evaluation of physicians' satisfaction with a redesigned electronic medical record system},
  author={Jaspers, Monique WM and Peute, Linda WP and Lauteslager, Arnaud and Bakker, Piet JM},
  journal={Studies in health technology and informatics},
  volume={136},
  pages={303},
  year={2008},
  publisher={IOS Press; 1999}
}

@inproceedings{lewis1992psychometric,
  title={Psychometric evaluation of the post-study system usability questionnaire: The PSSUQ},
  author={Lewis, James R},
  booktitle={Proceedings of the Human Factors and Ergonomics Society Annual Meeting},
  volume={36},
  number={16},
  pages={1259--1260},
  year={1992},
  organization={SAGE Publications}
}

@article{wu2008usability,
  title={Usability of a mobile electronic medical record prototype: a verbal protocol analysis},
  author={Wu, Robert C and Orr, M Scott and Chignell, Mark and Straus, Sharon E},
  journal={Informatics for Health and Social Care},
  volume={33},
  number={2},
  pages={139--149},
  year={2008},
  publisher={Informa UK Ltd UK}
}

@inproceedings{hasman2006development,
  title={Development of methods for usability evaluations of EHR systems},
  author={Hasman, A and others},
  booktitle={Ubiquity: Technologies for Better Health in Aging Societies: Proceedings of MIE2006},
  volume={124},
  pages={341},
  year={2006},
  organization={IOS Press}
}

@inproceedings{currie2003clinical,
  title={Clinical information needs in context: an observational study of clinicians while using a clinical information system},
  author={Currie, Leanne M and Graham, Mark and Allen, Mureen and Bakken, Suzanne and Patel, Vimla and Cimino, James J},
  booktitle={AMIA Annual Symposium proceedings},
  volume={2003},
  pages={190},
  year={2003},
  organization={American Medical Informatics Association}
}

@inproceedings{borycki2009novice,
  title={Novice nurse information needs in paper and hybrid electronic-paper environments: a qualitative analysis.},
  author={Borycki, Elizabeth M and Lemieux-Charles, Louise and Nagle, Lynn and Eysenbach, Gunther},
  booktitle={MIE},
  pages={913--917},
  year={2009}
}

@article{ericsson1980verbal,
  title={Verbal reports as data.},
  author={Ericsson, K Anders and Simon, Herbert A},
  journal={Psychological review},
  volume={87},
  number={3},
  pages={215},
  year={1980},
  publisher={American Psychological Association}
}

@article{newman199810,
  title={10. On Simulation, Measurement, and Pfeeewiaie Usability Evaluation},
  author={Newman, William M},
  journal={Commentary on" Damaged Merchandise?},
  volume={13},
  pages={316},
  year={1998}
}

@inproceedings{khajouei2009usability,
  title={Usability evaluation of a computerized physician order entry for medication ordering.},
  author={Khajouei, Reza and de Jongh, Dennis and Jaspers, Monique WM},
  booktitle={MIE},
  pages={532--536},
  year={2009}
}

@article{cohen2004cognitive,
  title={Cognitive evaluation of an innovative psychiatric clinical knowledge enhancement system},
  author={Cohen, Trevor and Kaufman, David and White, Thomas and Segal, Gerald and Staub, Amy Bennett and Patel, Vimla and Finnerty, Molly},
  journal={Medinfo},
  volume={11},
  number={Pt 2},
  pages={1295--9},
  year={2004},
  publisher={Citeseer}
}

@article{karahoca2010information,
  title={Information system design for a hospital emergency department: A usability analysis of software prototypes},
  author={Karahoca, Adem and Bayraktar, Erkan and Tatoglu, Ekrem and Karahoca, Dilek},
  journal={Journal of biomedical informatics},
  volume={43},
  number={2},
  pages={224--232},
  year={2010},
  publisher={Elsevier}
}

@article{peute2007significance,
  title={The significance of a usability evaluation of an emerging laboratory order entry system},
  author={Peute, Linda WP and Jaspers, Monique WM},
  journal={International journal of medical informatics},
  volume={76},
  number={2},
  pages={157--168},
  year={2007},
  publisher={Elsevier}
}

@article{beuscart2007human,
  title={The human factors engineering approach to biomedical informatics projects: state of the art, results, benefits and challenges},
  author={Beuscart-Z{\'e}phir, M-C and Elkin, Peter and Pelayo, Sylvia and Beuscart, Regis and others},
  journal={IMIA Yearbook},
  volume={2},
  pages={109--127},
  year={2007}
}

@article{sears1997heuristic,
  title={Heuristic walkthroughs: Finding the problems without the noise},
  author={Sears, Andrew},
  journal={International Journal of Human-Computer Interaction},
  volume={9},
  number={3},
  pages={213--234},
  year={1997},
  publisher={Taylor \& Francis}
}

@inproceedings{blackmon2002cognitive,
  title={Cognitive walkthrough for the web},
  author={Blackmon, Marilyn Hughes and Polson, Peter G and Kitajima, Muneo and Lewis, Clayton},
  booktitle={Proceedings of the SIGCHI conference on human factors in computing systems},
  pages={463--470},
  year={2002},
  organization={ACM}
}

@inproceedings{wharton1994cognitive,
  title={The cognitive walkthrough method: A practitioner's guide},
  author={Wharton, Cathleen and Rieman, John and Lewis, Clayton and Polson, Peter},
  booktitle={Usability inspection methods},
  pages={105--140},
  year={1994},
  organization={John Wiley \& Sons, Inc.}
}

@article{johnson2011ehr,
  title={EHR Usability Toolkit: A Background Report on Usability and Electronic Health Records},
  author={Johnson, CM and Johnston, D and Crowle, PK and others},
  journal={Rockville, MD: Agency for Healthcare Research and Quality},
  year={2011}
}

@webpage{Nielsen10UsabilityHeuristics,
  author = {J Nielsen},
  year = {1995},
  title = {10 Usability Heuristics for User Interface Design},
  url = {http://www.nngroup.com/articles/ten-usability-heuristics/},
  institution = {Nielsen Norman Group}
}

@article{tudor2004many,
  title={How many steps/day are enough?},
  author={Tudor-Locke, Catrine and Bassett Jr, David R},
  journal={Sports Medicine},
  volume={34},
  number={1},
  pages={1--8},
  year={2004},
  publisher={Springer}
}

@article{physical2008physical,
  title={Physical activity guidelines advisory committee report, 2008},
  author={Physical Activity Guidelines Advisory Committee and others},
  journal={Washington, DC: US Department of Health and Human Services},
  volume={2008},
  pages={A5},
  year={2008}
}

@misc{us2008physical,
  title={Physical Activity Guidelines for Americans: Be Active, Healthy, and Happy! ODPHP publication No. U0036. October 2008},
  author={US Department of Health and Human Services and others},
  year={2008}
}

@article{oja2013tester,
  title={Tester's guide: UKK walk test},
  author={Oja, P and M{\"a}ntt{\"a}ri, A and Pokki, T and Kukkonen-Harjala, K and Laukkanen, R and Malmberg, J},
  year={2013},
  publisher={UKK Institute for Health Promotion Research},
  url = {http://www.ukkinstituutti.fi/filebank/1118-UKK_walk_test_testers_guide.pdf}
}

@article{laukkanen1992validity,
  title={Validity of a two kilometre walking test for estimating maximal aerobic power in overweight adults.},
  author={Laukkanen, R and Oja, P and Pasanen, M and Vuori, I},
  journal={International journal of obesity and related metabolic disorders: journal of the International Association for the Study of Obesity},
  volume={16},
  number={4},
  pages={263--268},
  year={1992}
}

@article{suni2009fitness,
  title={Fitness for health: the ALPHA-FIT test battery for adults aged 18--69},
  author={Suni, J and Husu, P and Rinne, M},
  year={2009},
  url = {http://www.ukkinstituutti.fi/filebank/500-ALPHA_FIT_Testers_Manual.pdf}
}

@article{teisala2014associations,
  title={Associations of physical activity, fitness, and body composition with heart rate variability-based indicators of stress and recovery on workdays: a cross-sectional study},
  author={Teisala, Tiina and Mutikainen, Sara and Tolvanen, Asko and Rottensteiner, Mirva and Leskinen, Tuija and Kaprio, Jaakko and Kolehmainen, Marjukka and Rusko, Heikki and Kujala, Urho M},
  journal={J Occup Med Toxicol},
  volume={34},
  pages={26--40},
  year={2014}
}

@article{poutanen2010validity,
  title={The validity of the Depression Scale (DEPS) to assess the severity of depression in primary care patients},
  author={Poutanen, Outi and Koivisto, Anna-Maija and K{\"a}{\"a}ri{\"a}, Suvi and Salokangas, Raimo KR},
  journal={Family practice},
  volume={27},
  number={5},
  pages={527--534},
  year={2010},
  publisher={Oxford Univ Press}
}

@article{scheier1994distinguishing,
  title={Distinguishing optimism from neuroticism (and trait anxiety, self-mastery, and self-esteem): a reevaluation of the Life Orientation Test.},
  author={Scheier, Michael F and Carver, Charles S and Bridges, Michael W},
  journal={Journal of personality and social psychology},
  volume={67},
  number={6},
  pages={1063},
  year={1994},
  publisher={American Psychological Association}
}

%Lund, A. M. (2001). Measuring usability with the USE questionnaire. Usability Interface: Usability SIG Newsletter, October. Accessed January 11, 2005 http://www.stcsig.org/usability/newsletter/0110 measuring with use.html

@webpage{Lund2001USE,
  author = {AM Lund},
  year = {2001},
  title = {Measuring usability with the USE questionnaire},
  url = {http://www.stcsig.org/usability/newsletter/0110 measuring with use.html}
}

@article{lewis1995ibm,
  title={IBM computer usability satisfaction questionnaires: psychometric evaluation and instructions for use},
  author={Lewis, James R},
  journal={International Journal of Human-Computer Interaction},
  volume={7},
  number={1},
  pages={57--78},
  year={1995},
  publisher={Taylor \& Francis}
}

@book{rubin2008handbook,
  title={Handbook of usability testing: how to plan, design and conduct effective tests},
  author={Rubin, Jeffrey and Chisnell, Dana},
  year={2008},
  publisher={John Wiley \& Sons}
}

@book{nielsen1994usability,
	author    = {J Nielsen}, 
	title     = {Usability Engineering},
	publisher = {Elsevier}, 
	year      = {1994},
	address   = {Amsterdam} 
}

@inproceedings{de2013web,
  title={A web-based medical multimedia visualisation interface for personal health records},
  author={de Ridder, Michael and Constantinescu, Liviu and Bi, Lei and Jung, Youn Hyun and Kumar, Ajit and Kim, Jinman and Feng, David Dagan and Fulham, Michael},
  booktitle={Computer-Based Medical Systems (CBMS), 2013 IEEE 26th International Symposium on},
  pages={191--196},
  year={2013},
  organization={IEEE}
}

@techreport{shneiderman2013improving,
  title={Improving health and healthcare with interactive visualization methods},
  author={Shneiderman, Ben and Plaisant, Catherine and Hesse, Bradford W},
  year={2013},
  institution={Citeseer}
}

@book{few2006information,
  title={Information dashboard design},
  author={Few, Stephen},
  year={2006},
  publisher={O'Reilly},
  address = {North Sebastopol, California}
}

@article{Soomlek:2013:AWI:2532685.2532686,
 author = {Soomlek, Chitsutha and Benedicenti, Luigi},
 title = {An Agent-Based Wellness Indicator: Experimental Results and Future Directions},
 journal = {J. Inf. Technol. Res.},
 issue_date = {April 2013},
 volume = {6},
 number = {2},
 month = apr,
 year = {2013},
 issn = {1938-7857},
 pages = {1--23},
 numpages = {23},
 url = {http://dx.doi.org/10.4018/jitr.2013040101},
 doi = {10.4018/jitr.2013040101},
 acmid = {2532686},
 publisher = {IGI Global},
 address = {Hershey, PA, USA},
 keywords = {Agent-Based System, Evaluation of Wellness Visualization System, Information Visualization, Multi-Agent System, Wellness Indicator, Wellness Model, Wellness Visualization System, e-Health}
} 


@INPROCEEDINGS{7072838, 
author={Idris, M. and Hussain, S. and Ahmad, M. and Sungyoung Lee}, 
booktitle={Big Data and Smart Computing (BigComp), 2015 International Conference on}, 
title={Big Data service engine (BISE): Integration of Big Data technologies for human centric wellness data}, 
year={2015}, 
month={Feb}, 
pages={244-248}, 
keywords={Big Data;convergence;data handling;health care;medical information systems;parallel processing;BISE;HDFS;Hadoop No-SQL solutions;Hadoop distributed file system;big data service engine;big data technologies;centralized health monitoring system;clinical information monitoring;clinical information visualization;data capture;data generation;data processing;data retrieval;data storage;feedback data;human centric services;human centric wellness data;mental health monitoring platform;personalized data;physical activities;physical monitoring platform;social health monitoring platform;Big data;Data visualization;Emotion recognition;Engines;Medical services;Monitoring;Sensors;BigData;Cloud;Hadoop;Healthcare;MapReduce}, 
doi={10.1109/35021BIGCOMP.2015.7072838}
}

@INPROCEEDINGS{EMBCLedNiem, 
author={A Ledesma and H Nieminen and P Valve and M Ermes and H Jimison and M Pavel}, 
booktitle={Engineering in Medicine and Biology Society (EMBC), 2015 37th Annual International Conference of the IEEE}, 
title={The Shape of Health: A Comparison of Five Alternative Ways of
Visualizing Personal Health and Wellbeing}, 
year={2015}, 
month={Aug}, 
doi={10.13140/RG.2.1.1321.6725}
}

@webpage{MDNJS,
  author = {{The Mozilla Developer Network (MDN)}},
  title = {The typeof Operator - JavaScript Reference},
  url = {https://developer.mozilla.org/en-US/docs/Web/JavaScript/Reference/Operators/typeof}
}

@webpage{fitbitapi,
  author = {J Anderson},
  title = {Fitbit API-GET-Activities},
  url = {https://wiki.fitbit.com/display/API/API-Get-Activities}
}

@book{baird1978fundamentals,
	author    = {J C Baird and E J Noma}, 
	title     = {Fundamentals of scaling and psychophysics},
	publisher = {John Wiley \& Sons Canada, Limited}, 
	year      = {1978},
	address   = {New Jersey},
	isbn      = {9780471041696}
}


@article{cleveland1984graphical,
  title={Graphical perception: Theory, experimentation, and application to the development of graphical methods},
  author={W Cleveland and R McGill},
  journal={Journal of the American statistical association},
  volume={79},
  number={387},
  pages={531--554},
  year={1984},
  publisher={Taylor \& Francis}
}

@article{north2006toward,
  title={Toward measuring visualization insight},
  author={N Chris},
  journal={Computer Graphics and Applications, IEEE},
  volume={26},
  number={3},
  pages={6-9},
  year={2006},
  publisher={IEEE}
}

@inproceedings{saraiya2004evaluation,
  title={An evaluation of microarray visualization tools for biological insight},
  author={Saraiya, Purvi and North, Chris and Duca, Karen},
  booktitle={Information Visualization, 2004. INFOVIS 2004. IEEE Symposium on},
  pages={1--8},
  year={2004},
  organization={IEEE}
}

@article{Hood2012613,
title = "A personal view on systems medicine and the emergence of proactive \{P4\} medicine: predictive, preventive, personalized and participatory ",
journal = "New Biotechnology ",
volume = "29",
number = "6",
pages = "613 - 624",
year = "2012",
note = "Molecular Diagnostics and Personalised Medicine ",
issn = "1871-6784",
doi = "http://dx.doi.org/10.1016/j.nbt.2012.03.004",
url = {http://www.sciencedirect.com/science/article/pii/S1871678412000477},
author = "Leroy Hood and Mauricio Flores"
}

@TECHREPORT{follett2012hgraph,
  AUTHOR =        {J Follett and J Sonin},
  TITLE =         {{hGraph: An Open System for Visualizing Personal Health Metrics}},
  INSTITUTION =   {Involution Studios},
  ADDRESS =       {Arlington, Massachusetts},
  MONTH =         {April},
  YEAR  =         {2012},
  AUTHOR1_URL =   { \url{http://www.mit.edu/~juhan/} },
  AUTHOR1_EMAIL = {juhan@mit.edu},
  HOWPUBLISHED  = {\url{http://hgraph.org/docs/hGraph_Whitepaper.pdf}},
  CONTACT =       {juhan@mit.edu},
  NOTE          = "Accessed 25 Mar 2015"
}


@inproceedings{plaisant1996lifelines,
  title={LifeLines: visualizing personal histories},
  author={Plaisant, Catherine and Milash, Brett and Rose, Anne and Widoff, Seth and Shneiderman, Ben},
  booktitle={Proceedings of the SIGCHI conference on Human factors in computing systems},
  pages={221--227},
  year={1996},
  organization={ACM}
}

@ARTICLE{bui2007information,
  author={Bui, A.A.T. and Aberle, D.R. and Kangarloo, H.},
  journal={Information Technology in Biomedicine, IEEE Transactions on},
  title={TimeLine: Visualizing Integrated Patient Records},
  year={2007},
  month={July},
  volume={11},
  number={4},
  pages={462-473},
  doi={10.1109/TITB.2006.884365},
  ISSN={1089-7771},
}

@webpage{goetz2015,
  author={Goetz, Thomas},
  title = {It's time to redesign medical data},
  url = {http://www.ted.com/talks/thomas\_goetz\_it\_s\_time\_to\_redesign\_medical\_data?language=en}
}

@incollection{lesselroth2011data,
	author    = {B J Lesselroth and D S Pieczkiewicz}, 
	title     = {Data visualization strategies for the electronic health record},
	booktitle = {Advances in Medicine and Biology}, 
	editor    = {L V Berhardt}, 
	publisher = {Nova Science Publishers, Inc},
	pages     = {107-140}, 
	year      = {2012},
	  address = {New York}, 
	  volume  = {16}
}	

@article{lam2012empirical,
  title={Empirical studies in information visualization: Seven scenarios},
  author={Lam, Heidi and Bertini, Enrico and Isenberg, Petra and Plaisant, Catherine and Carpendale, Sheelagh},
  journal={Visualization and Computer Graphics, IEEE Transactions on},
  volume={18},
  number={9},
  pages={1520--1536},
  year={2012},
  publisher={IEEE}
}

@inproceedings{Consolvo2008ASW,
 author = {S Consolvo and D W McDonald and T Toscosand M Chen and J Froehlich and B Harrison and P Klasnja and A LaMarca and L LeGrand and R Libby and I Smith and J A Landay},
 title = {Activity Sensing in the Wild: A Field Trial of Ubifit Garden},
 booktitle = {Proceedings of the SIGCHI Conference on Human Factors in Computing Systems},
 series = {CHI '08},
 year = {2008},
 isbn = {978-1-60558-011-1},
 location = {Florence, Italy},
 pages = {1797--1806},
 numpages = {10},
 url = {http://doi.acm.org/10.1145/1357054.1357335},
 doi = {10.1145/1357054.1357335},
 acmid = {1357335},
 publisher = {ACM},
 address = {New York, NY, USA},
 keywords = {activity inference, activity-based applications, ambient display, fitness, mobile phone, persuasive technology, physical activity, sensing}
} 

@article{bentley2013health,
  title={Health Mashups: Presenting statistical patterns between wellbeing data and context in natural language to promote behavior change},
  author={Bentley, Frank and Tollmar, Konrad and Stephenson, Peter and Levy, Laura and Jones, Brian and Robertson, Scott and Price, Ed and Catrambone, Richard and Wilson, Jeff},
  journal={ACM Transactions on Computer-Human Interaction (TOCHI)},
  volume={20},
  number={5},
  pages={30},
  year={2013},
  publisher={ACM}
}

@webpage{who1948health,
  author = "{World Health Organization}",
  title = {{WHO} Definition of Health},
  year = 1948,
  url = {http://www.who.int/about/definition/en/print.html}
}

@webpage{firstbeat2014,
  author = "{Firstbeat Technologies Ltd.}",
  title = {Stress and Recovery Analysis Method
Based on 24-hour Heart Rate Variability. White paper.
},
  year = 2014,
  url = {http://www.firstbeat.com/userData/firstbeat/research-publications/Stress-and-recovery_white-paper_2014.pdf}
}


@article{bostock2011d3,
  title={D$^3$ data-driven documents},
  author={Bostock, Michael and Ogievetsky, Vadim and Heer, Jeffrey},
  journal={Visualization and Computer Graphics, IEEE Transactions on},
  volume={17},
  number={12},
  pages={2301--2309},
  year={2011},
  publisher={IEEE}
}

@webpage{aight,
  author = {S Allen},
  title = {Aight -- {JavaScript} shims and shams for making {IE8-9} behave reasonably},
  url = https://github.com/shawnbot/aight}
}

@manual{mHealth2014,
	  title   = {{mHealth App Developer Economics 2014}}, 
	    organization  = {research2guidance}, 
	    address = {Berlin},
	    year    = {2014}
}

@article{poutanen2010validity,
  title={The validity of the Depression Scale (DEPS) to assess the severity of depression in primary care patients},
  author={Poutanen, Outi and Koivisto, Anna-Maija and K{\"a}{\"a}ri{\"a}, Suvi and Salokangas, Raimo KR},
  journal={Family practice},
  volume={27},
  number={5},
  pages={527--534},
  year={2010},
  publisher={Oxford Univ Press}
}